@Book{Forman.2015,
  author    = {Forman, Sylvia and Rash, Agnes M.},
  publisher = {Springer International Publishing},
  title     = {The Whole Truth About Whole Numbers: An Elementary Introduction to Number Theory},
  year      = {2015},
  isbn      = {9783319110356},
  doi       = {10.1007/978-3-319-11035-6},
}


@Book{MD,
	author    = {Ross, Kenneth A. and Wright, Charles R. B.},
	publisher = {Wydawnictwo Naukowe PWN},
	title     = {Matematyka dyskretna},
	year      = {2006},
	isbn      = {9788301143800},
	pages     = {899},
}
